@online{symptomsofbreastcancer,
  author = {CDC},
  title = {What Are the Symptoms of Breast Cancer?},
  publisher = {CDC},
  url="https://www.cdc.gov/cancer/breast/basic_info/symptoms.htm"
}
@online{howcommonisbreastcancer,
  author = {American Cancer Society},
  title = {How Common Is Breast Cancer?},
  publisher = {American Cancer Society},
  url="https://www.cancer.org/cancer/breast-cancer/about/how-common-is-breast-cancer.html"
}
@online{breastcancerstatistics,
  author = {World Health Organization},
  title = {Breast Cancer},
  publisher = {World Health Organization},
  url="https://www.who.int/news-room/fact-sheets/detail/breast-cancer"
}